@ONLINE{kubernetes,
    title = {Dokumentacja Kubernetes https://kubernetes.io/docs/home/},
}
@ONLINE{react,
    title = {Dokumentacja React https://legacy.reactjs.org/docs/getting-started.html},
}
@ONLINE{js-cookie,
    title = {Dokumentacja js-cookie https://www.npmjs.com/package/js-cookie},
}
@ONLINE{express,
    title = {Dokumentacja Express JS https://expressjs.com/},
}
@ONLINE{mongo,
    title = {Dokumentacja MongoDB https://www.mongodb.com/docs/},
}
@ONLINE{mongooes,
    title = {Dokumentacja mongoose https://mongoosejs.com/docs/},
}



